<?xml version="1.0" encoding="UTF-8"?><collection xmlns="http://www.loc.gov/MARC21/slim"><record><leader>00428nam--2200145-i-4500</leader><controlfield tag="001">000013186</controlfield><controlfield tag="002">20161230</controlfield><controlfield tag="005">20161230201030</controlfield><controlfield tag="008">060222s1000------------r-----000-0-eng-d</controlfield><datafield ind1=" " ind2=" " tag="080"><subfield code="a">519.681</subfield></datafield><datafield ind1=" " ind2=" " tag="100"><subfield code="a">Arbib, Michael A. And Alagic, Suad</subfield></datafield><datafield ind1=" " ind2=" " tag="245"><subfield code="a">The design of well-structured and correct programs</subfield></datafield><datafield ind1=" " ind2=" " tag="260"><subfield code="a">New York, Springer-verlag, 1978 X + 292 P</subfield></datafield><datafield ind1=" " ind2=" " tag="490"><subfield code="a">Texts And Monographs In Computer Science</subfield></datafield><datafield ind1=" " ind2=" " tag="852"><subfield code="a">47895</subfield></datafield></record></collection>